<record><leader>00000cas a22000007a 4500</leader><controlfield tag="001">36548131</controlfield><controlfield tag="008">970313d198719uucauwr ne      0    0eng d</controlfield><datafield ind1=" " ind2=" " tag="010"><subfield code="a">sn 97060345 </subfield></datafield><datafield ind1=" " ind2=" " tag="040"><subfield code="a">CNK</subfield><subfield code="b">eng</subfield><subfield code="c">CNK</subfield><subfield code="d">OCLCQ</subfield><subfield code="d">OCLCO</subfield><subfield code="d">OCLCF</subfield></datafield><datafield ind1="1" ind2=" " tag="029"><subfield code="a">AU@</subfield><subfield code="b">000013142355</subfield></datafield><datafield ind1=" " ind2=" " tag="042"><subfield code="a">msc</subfield></datafield><datafield ind1=" " ind2=" " tag="043"><subfield code="a">n-us-ca</subfield></datafield><datafield ind1="0" ind2=" " tag="130"><subfield code="a">Record (Colton, Calif.)</subfield></datafield><datafield ind1="1" ind2="4" tag="245"><subfield code="a">The record.</subfield></datafield><datafield ind1=" " ind2=" " tag="260"><subfield code="a">Colton, CA :</subfield><subfield code="b">Gloria Macias Harrison</subfield></datafield><datafield ind1=" " ind2=" " tag="300"><subfield code="a">v.</subfield></datafield><datafield ind1=" " ind2=" " tag="310"><subfield code="a">Weekly</subfield></datafield><datafield ind1="0" ind2=" " tag="362"><subfield code="a">77th year, no. 34 (Dec. 17, 1987)-</subfield></datafield><datafield ind1=" " ind2=" " tag="500"><subfield code="a">"The record serving Highland."</subfield></datafield><datafield ind1=" " ind2="0" tag="651"><subfield code="a">Highland (Calif.)</subfield><subfield code="v">Newspapers.</subfield></datafield><datafield ind1=" " ind2="7" tag="655"><subfield code="a">Newspapers.</subfield><subfield code="2">fast</subfield><subfield code="0">(OCoLC)fst01423814</subfield></datafield><datafield ind1=" " ind2="7" tag="651"><subfield code="a">California</subfield><subfield code="z">Highland.</subfield><subfield code="2">fast</subfield><subfield code="0">(OCoLC)fst01924096</subfield></datafield><datafield ind1=" " ind2=" " tag="752"><subfield code="a">United States</subfield><subfield code="b">California</subfield><subfield code="c">San Bernardino</subfield><subfield code="d">Colton.</subfield></datafield></record>